@misc{ wiki:matrixAddition,
  author = "Wikipedia",
  title = "Matrix addition --- {W}ikipedia{,} The Free Encyclopedia",
  year = "2023",
  url = "https://en.wikipedia.org/wiki/Matrix_addition",
  note = "[Online; accessed 26-02-2024]"
}